<?xml version="1.0" encoding="UTF-8"?><collection><record><leader>05275ntm a2200553 a 4500</leader><controlfield tag="001">006768700</controlfield><controlfield tag="003">MiAaHDL</controlfield><controlfield tag="005">20190719000000.0</controlfield><controlfield tag="006">m        d        </controlfield><controlfield tag="007">cr bn ---auaua</controlfield><controlfield tag="008">090506q16801730xx            00| ||ara d</controlfield><datafield tag="035" ind1=" " ind2=" "><subfield code="a">(MiU)006768700</subfield></datafield><datafield tag="035" ind1=" " ind2=" "><subfield code="a">sdr-miu006768700</subfield></datafield><datafield tag="040" ind1=" " ind2=" "><subfield code="a">MiU</subfield><subfield code="c">MiU</subfield><subfield code="e">amremm</subfield></datafield><datafield tag="043" ind1=" " ind2=" "><subfield code="a">n-us-mi</subfield></datafield><datafield tag="100" ind1="1" ind2=" "><subfield code="6">880-01</subfield><subfield code="a">Murādī ibn Umm Qāsim, al-Ḥasan ibn Qāsim,</subfield><subfield code="d">-1348 or 1349.</subfield></datafield><datafield tag="240" ind1="1" ind2="0"><subfield code="6">880-02</subfield><subfield code="a">Tawḍīḥ maqāṣid al-Alfīyah</subfield></datafield><datafield tag="245" ind1="1" ind2="0"><subfield code="6">880-03</subfield><subfield code="a">Tawḍīḥ li-maqāṣid Alfīyat Ibn Mālik,</subfield><subfield code="f">[late 17th or early 18th century].</subfield></datafield><datafield tag="246" ind1="3" ind2=" "><subfield code="a">توضيح لمقاصد الفية ابن مالك</subfield></datafield><datafield tag="246" ind1="3" ind2=" "><subfield code="i">Edge title (tail):</subfield><subfield code="a">مرادي شرح الافية</subfield></datafield><datafield tag="246" ind1="3" ind2=" "><subfield code="i">Title from inscription on 'title page' (p.3):</subfield><subfield code="a">شرح الفية</subfield></datafield><datafield tag="260" ind1=" " ind2=" "><subfield code="c">[1680-1730]</subfield></datafield><datafield tag="300" ind1=" " ind2=" "><subfield code="a">230 leaves :</subfield><subfield code="b">paper ;</subfield><subfield code="c">324 x 220 (253 x 153) mm. bound to 324 x 228 mm.</subfield></datafield><datafield tag="500" ind1=" " ind2=" "><subfield code="a">Shelfmark: Ann Arbor, University of Michigan, Special Collections Library, Isl. Ms. 132</subfield></datafield><datafield tag="500" ind1=" " ind2=" "><subfield code="a">Origin: Lacks dated colophon ; paper suggests late 17th century or early 18th century.</subfield></datafield><datafield tag="500" ind1=" " ind2=" "><subfield code="a">Former shelfmark: British Museum, London "No. 97. Commentary on Alfiyah."</subfield></datafield><datafield tag="500" ind1=" " ind2=" "><subfield code="a">Binding: Pasteboards faced in combed marbled paper (see envelope flap) with red leather over spine, fore-edge flap, and edges/turn-ins (marbled paper faced, leather edged, framed binding) ; Type II binding (with flap) ; board linings in laid paper ; sewn in cream thread, two stations ; worked endbands in red, blue and cream, fair condition ; overall in poor condition with significant abrasion, lifting and losses of paper and leather, delamination of boards, staining, etc.</subfield></datafield><datafield tag="500" ind1=" " ind2=" "><subfield code="a">Support: European laid paper with 10-11 laid lines per cm. (horizontal) and chain lines spaced 28 mm. apart ; well-sized and burnished ; watermarks include three hats (compare Heawood 2599), crown with other motifs, scrollwork ; some staining.</subfield></datafield><datafield tag="500" ind1=" " ind2=" "><subfield code="a">Decoration: Key words, text being commented upon (matn), and abbreviation symbols rubricated ; occasional textual dividers in the form of red discs.</subfield></datafield><datafield tag="500" ind1=" " ind2=" "><subfield code="a">Script: Naskh ; clear Turkish hand ; serifless ; effect of slight tilt to the left ; many open counters ; kāf mashkūlah (mashqūqah) preferred ; pointing in distinct dots ; many tapered descenders ; partially vocalized (text of matn).</subfield></datafield><datafield tag="500" ind1=" " ind2=" "><subfield code="a">Layout: Written in 27 lines per page ; frame-ruled.</subfield></datafield><datafield tag="500" ind1=" " ind2=" "><subfield code="a">Collation: i, VI+1 (13), 17 VI(217), VI+1 (230), i ; chiefly sexternions ; catchwords present ; foliation in black ink, Hindu-Arabic numerals ; pagination in pencil, Western numerals, supplied during digitization (includes back flyleaf and skips two pages between pp.361-362).</subfield></datafield><datafield tag="500" ind1=" " ind2=" "><subfield code="a">Explicit: "فاحمد الله مصليا على محمد خير نبي ارسلا واله العزاء الكرام البرره وصحبه المنتخبين الخيره نجز [؟] بحمد الله وعونه وحسن توفيقه وصلى الله على اشرف الخلق سيدنا محمد واله وصحبه وسلم تسليما كثيرا والحمد لله رب العالمين</subfield></datafield><datafield tag="500" ind1=" " ind2=" "><subfield code="a">Incipit: "الحمد لله والشكر له وصلوته على اشرف نبي ارسله ... وبعد فهذا توضيح لمقاصد الفية بن مالك رحمة الله [كذا] يجلوا معانيها على طلابها ويظهر محاسنها لخطابها ..."</subfield></datafield><datafield tag="500" ind1=" " ind2=" "><subfield code="a">Title from opening on p.4.</subfield></datafield><datafield tag="500" ind1=" " ind2=" "><subfield code="a">Ms. codex.</subfield></datafield><datafield tag="510" ind1="4" ind2=" "><subfield code="a">Brockelmann, C. GAL,</subfield><subfield code="c">I, 298 (4/II. Cmtare 2) ; II 22</subfield></datafield><datafield tag="520" ind1="8" ind2=" "><subfield code="a">Fine copy of the commentary by Badr al-Dīn Ḥasan ibn Umm Qāsim al-Murādī on Ibn Mālik's (d. 672/1273) al-Alfīyah, or al-Khulāṣh fī al-naḥw. Table of contents precedes text.</subfield></datafield><datafield tag="538" ind1=" " ind2=" "><subfield code="a">Mode of access: Internet.</subfield></datafield><datafield tag="541" ind1=" " ind2=" "><subfield code="c">Purchase ;</subfield><subfield code="a">Acquired by purchase (funds donated by Horace Rackham).</subfield><subfield code="d">1924.</subfield></datafield><datafield tag="546" ind1=" " ind2=" "><subfield code="a">Arabic.</subfield></datafield><datafield tag="561" ind1=" " ind2=" "><subfield code="a">Bookplate of British Museum, London on interior of upper cover, "British Museum, London. No. 97. Commentary on Alfiyah." ; circular seal impression with figure of goat/gazelle in purple ink as well as inscription "99" in Western numerals on front flyleaf (p.1) ; on 'title page' (p.3) ownership statement (accompanied by oval seal impression) "تملكه الفقير السيد الحاج عبد الله المفتى بارزنجان عفى عنه" and waqf statement "وقف السيد الحاج عبد الله المفتى بكتبخانه المعموره بارزنجان سنه ١١۸۱" in name of al-Sayyid al-Ḥājj ʻAbd Allāh, muftī in Erzincan ; numerous glosses and marginal corrections ; occasional notabilia (sideheads).</subfield></datafield><datafield tag="600" ind1="1" ind2="0"><subfield code="a">Ibn Mālik, Muḥammad ibn ʻAbd Allāh,</subfield><subfield code="d">-1274.</subfield><subfield code="t">Alfīyah.</subfield></datafield><datafield tag="650" ind1=" " ind2="0"><subfield code="a">Manuscripts, Arabic</subfield><subfield code="z">Michigan</subfield><subfield code="z">Ann Arbor.</subfield></datafield><datafield tag="650" ind1=" " ind2="0"><subfield code="a">Arabic language</subfield><subfield code="x">Grammar</subfield><subfield code="v">Early works to 1800.</subfield></datafield><datafield tag="773" ind1="0" ind2=" "><subfield code="a">Tiflis Collection.</subfield></datafield><datafield tag="880" ind1="1" ind2="0"><subfield code="6">245-03/</subfield><subfield code="a">توضيح لمقاصد الفية بن مالك,</subfield><subfield code="f">[اواخر القرن 17م او اوائل القرن 18م].</subfield></datafield><datafield tag="880" ind1="1" ind2="0"><subfield code="6">240-02/</subfield><subfield code="a">توضيح مقاصد الالفية</subfield></datafield><datafield tag="880" ind1="1" ind2=" "><subfield code="6">100-01/</subfield><subfield code="a">مرادي بن أم قاسم، الحسن بن قاسم.</subfield></datafield><datafield tag="CID" ind1=" " ind2=" "><subfield code="a">006768700</subfield></datafield><datafield tag="DAT" ind1="0" ind2=" "><subfield code="a">20190719102635.0</subfield><subfield code="b">20190719000000.0</subfield></datafield><datafield tag="DAT" ind1="1" ind2=" "><subfield code="a">20190719090653.0</subfield><subfield code="b">2019-07-19T16:11:19Z</subfield></datafield><datafield tag="DAT" ind1="2" ind2=" "><subfield code="a">2015-10-02T18:00:03Z</subfield></datafield><datafield tag="CAT" ind1=" " ind2=" "><subfield code="a">SDR-MIU</subfield><subfield code="d">EX LIBRIS - ALEPH</subfield><subfield code="l">prepare.pl-004-008</subfield></datafield><datafield tag="FMT" ind1=" " ind2=" "><subfield code="a">BK</subfield></datafield><datafield tag="HOL" ind1=" " ind2=" "><subfield code="0">sdr-miu006768700</subfield><subfield code="a">MiU</subfield><subfield code="b">SDR</subfield><subfield code="c">MIU</subfield><subfield code="p">mdp.39015079125194</subfield><subfield code="s">MIU</subfield><subfield code="1">006768700</subfield></datafield><datafield tag="974" ind1=" " ind2=" "><subfield code="b">MIU</subfield><subfield code="c">MIU</subfield><subfield code="d">20190719</subfield><subfield code="s">lit-dlps-dc</subfield><subfield code="u">mdp.39015079125194</subfield><subfield code="y">1730</subfield><subfield code="r">pd</subfield><subfield code="q">bib</subfield><subfield code="t">non-US bib date2 &lt; 1879</subfield></datafield></record></collection>